<?xml version="1.0" encoding="UTF-8"?><collection xmlns="http://www.loc.gov/MARC21/slim"><record><leader>00492nam--2200157-i-4500</leader><controlfield tag="001">000008433</controlfield><controlfield tag="002">20161230</controlfield><controlfield tag="005">20170116003100</controlfield><controlfield tag="008">060222s1000------------r-----000-0-eng-d</controlfield><datafield ind1=" " ind2=" " tag="080"><subfield code="a">546</subfield></datafield><datafield ind1=" " ind2=" " tag="245"><subfield code="a">Anorganikum, lehr-und praktikumsbuch der anor ganischen chemie mit einer einfuhrung in die physikalische chemie</subfield></datafield><datafield ind1=" " ind2=" " tag="260"><subfield code="a">Berlin</subfield><subfield code="b">Veb Deutscher Verlag Dser Wissenschaf Ten</subfield><subfield code="c">1967</subfield></datafield><datafield ind1=" " ind2=" " tag="300"><subfield code="a">XXXIV + 1032 p</subfield></datafield><datafield ind1=" " ind2=" " tag="700"><subfield code="a">Kolditz, Lothar</subfield></datafield><datafield ind1=" " ind2=" " tag="852"><subfield code="a">28171</subfield></datafield><datafield ind1=" " ind2=" " tag="CAT"><subfield code="a">SYS</subfield><subfield code="c">20170116</subfield><subfield code="h">003100</subfield></datafield></record></collection>